<record><leader>00000cas a2200000 a 4500</leader><controlfield tag="001">11957008</controlfield><controlfield tag="008">850424d19051906ksuwr ne      0    0eng d</controlfield><datafield ind1=" " ind2=" " tag="010"><subfield code="a">sn 85030182 </subfield></datafield><datafield ind1=" " ind2=" " tag="040"><subfield code="a">KSH</subfield><subfield code="b">eng</subfield><subfield code="c">KSH</subfield><subfield code="d">NPT</subfield><subfield code="d">OCL</subfield><subfield code="d">OCLCQ</subfield></datafield><datafield ind1=" " ind2=" " tag="042"><subfield code="a">msc</subfield></datafield><datafield ind1="0" ind2="4" tag="245"><subfield code="a">The Emporia times and Emporia republican.</subfield></datafield><datafield ind1=" " ind2=" " tag="260"><subfield code="a">Emporia, Kan. :</subfield><subfield code="b">[s.n.],</subfield><subfield code="c">1905-1906.</subfield></datafield><datafield ind1=" " ind2=" " tag="300"><subfield code="a">2 v. :</subfield><subfield code="b">ill. ;</subfield><subfield code="c">54 cm.</subfield></datafield><datafield ind1=" " ind2=" " tag="310"><subfield code="a">Weekly</subfield></datafield><datafield ind1="0" ind2=" " tag="362"><subfield code="a">Vol. 18, no. 28 (June 9, 1905)-v. 19, no. 22 (June 21, 1906).</subfield></datafield><datafield ind1=" " ind2=" " tag="500"><subfield code="a">Published by F.P. Yearout, Sept. 5, 1905-June 21, 1906.</subfield></datafield><datafield ind1=" " ind2=" " tag="500"><subfield code="a">"People's Party."</subfield></datafield><datafield ind1=" " ind2=" " tag="515"><subfield code="a">June 9, 1905 issue and June 2, 1905 issue of Emporia times and democratic-record both numbered v. 18, no. 28.</subfield></datafield><datafield ind1=" " ind2=" " tag="580"><subfield code="a">Issued also in daily edition called: Emporia times and the Emporia republican, June 5-&lt;July 13, 1905&gt;.</subfield></datafield><datafield ind1=" " ind2=" " tag="752"><subfield code="a">United States</subfield><subfield code="b">Kansas</subfield><subfield code="c">Lyon</subfield><subfield code="d">Emporia.</subfield></datafield><datafield ind1="1" ind2=" " tag="775"><subfield code="t">Emporia times and the Emporia republican</subfield><subfield code="w">(DLC)sn 85030245</subfield></datafield><datafield ind1="0" ind2="4" tag="780"><subfield code="t">Emporia times and democratic-record</subfield><subfield code="w">(DLC)sn 85030181</subfield></datafield><datafield ind1="0" ind2="4" tag="780"><subfield code="t">Emporia republican (Emporia, Kan. : Weekly)</subfield><subfield code="w">(DLC)sn 85030215</subfield></datafield><datafield ind1="0" ind2="0" tag="785"><subfield code="t">Emporia times (Emporia, Kan. : 1906)</subfield><subfield code="w">(DLC)sn 85030183</subfield></datafield></record>